% Encoding: UTF-8


@Book{richards:handbuch_sa,
  Title                    = {Handbuch moderner Softwarearchitektur},
  Author                   = {Richards, Ford, Lang},
  Publisher                = {O'Reilly},
  Date                     = {2020}
}

@Comment{jabref-meta: databaseType:biblatex;}
